% This file was created with JabRef 2.5.
% Encoding: Cp1252

@ARTICLE{Bellanger1976,
  author = {M. Bellanger and G. Bonnerot and M. Coudreuse},
  title = {Digital filtering by polyphase network: {A}pplication to sample-rate
	alteration and filter banks},
  journal = IEEE_J_ASSP,
  year = {1976},
  volume = {24},
  pages = {109--114},
  number = {2},
  month = apr
}

@ARTICLE{j:chandrakasan92,
  author = {A.P. Chandrakasan and S. Sheng and R.W. Brodersen},
  title = {Low-power {CMOS} digital design},
  journal = IEEE_J_JSSC,
  year = {1992},
  volume = {27},
  pages = {473--484},
  number = {4},
  month = apr
}

@ARTICLE{Cijvat2002,
  author = {E. Cijvat and S. Tadjpour and A.A. Abidi},
  title = {Spurious mixing of off-channel signals in a wireless receiver and
	the choice of {IF}},
  journal = IEEE_J_CASII,
  year = {2002},
  volume = {49},
  pages = {539--544},
  number = {8},
  month = aug
}

@ARTICLE{Considine1983,
  author = {V. Considine},
  title = {Digital complex sampling},
  journal = {{IEE} Electron. Lett.},
  year = {1983},
  volume = {19},
  pages = {608--609},
  number = {16},
  month = aug
}

@BOOK{Hauck2008,
  title = {Reconfigurable Computing. The Theory and Practice of FPGA-based Computing},
  publisher = {Elsevier Inc.},
  year = {2008},
  author = {Hauck, S. and Dehon, A.},
  address = {Burlington, MA, USA},
  owner = {Damuz},
  timestamp = {2010.06.29}
}

@INPROCEEDINGS{Henker1999,
  author = {M. Henker and T. Hentschel and G. Fettweis},
  title = {Time-variant CIC-filters for sample rate conversion with arbitrary
	rational factors},
  booktitle = {Proc. {IEEE} 6th IEEE Int. Conf. Electronics, Circuits and Systems},
  year = {1999},
  volume = {1},
  pages = {67--70},
  month = sep
}

@PATENT{p:mecchia02,
  nationality = {United States},
  number = {6501406},
  year = {2002},
  yearfiled = {2001},
  author = {A. Mecchia and G. Nicollini and C. Pinna},
  title = {Digital Filter},
  day = {31},
  dayfiled = {13},
  month = dec,
  monthfiled = {#jul#}
}

@BOOK{Sedra2007,
  title = {Microeletr\^onica},
  publisher = {Prentice Hall},
  year = {2007},
  author = {Sedra, A. and Smith, K.},
  address = {São Paulo, Brasil},
  owner = {Damuz},
  timestamp = {2012.03.29}
}

@ARTICLE{j:vaidyanathan90,
  author = {P. P. Vaidyanathan},
  title = {Multirate digital filters, filter banks, polyphase networks, and
	applications: a tutorial},
  journal = IEEE_J_PROC,
  year = {1990},
  volume = {78},
  pages = {56--93},
  number = {1},
  month = jan
}

@PHDTHESIS{Voit2010,
  author = {Voit, J.},
  title = {Otimiza\c{c}\~ao por enxame de part\'iculas com congrega\c{c}\~ao
	passiva seletiva},
  school = {Universidade Federal do Rio de Janeiro},
  year = {2010},
  address = {Brasil},
  owner = {Damuz},
  timestamp = {2010.10.25}
}

@INPROCEEDINGS{c:yang96,
  author = {H.-K. Yang and W. M. Snelgrove},
  title = {High speed polyphase {CIC} decimation filters},
  booktitle = {Proc. {IEEE} Int. Symp. Circuits Syst.},
  year = {1996},
  volume = {2},
  pages = {229--232},
  month = may
}

